@MISC{Estadistica2023-ox,
  title        = "Gr{\'a}fico de control {NP}",
  booktitle    = "Probabilidad y Estad{\'\i}stica",
  author       = "Estad{\'\i}stica, Probabilidad y",
  month        =  jul,
  year         =  2023,
  howpublished = "\url{https://www.probabilidadyestadistica.net/grafico-de-control-np/}",
  note         = "Accessed: 2023-12-6",
  language     = "es"
}
@article{alvarez2012control,
  title={Control estad{\'\i}stico de procesos},
  author={Alvarez Borrego, Josu{\'e}},
  year={2012}
}
@article{cabezon2014control,
  title={Control de Calidad en la produccion industrial},
  author={Cabez{\'o}n Guti{\'e}rrez, Sa{\'u}l and others},
  year={2014}
}

@BOOK{Evans2014-qd,
  title     = "Administracion y Control de la Calidad",
  author    = "Evans, James and Lindsay, William",
  publisher = "Cengage Learning Editores S.A. de C.V",
  edition   =  9,
  year      =  2014,
  address   = "Valle de M{\'e}xico"
}
